@inproceedings{chord,
 author = {Stoica, Ion and Morris, Robert and Karger, David and Kaashoek, M. Frans and Balakrishnan, Hari},
 title = {Chord: A scalable peer-to-peer lookup service for internet applications},
 booktitle = {Proceedings of the 2001 conference on Applications, technologies, architectures, and protocols for computer communications},
 series = {SIGCOMM '01},
 year = {2001},
 isbn = {1-58113-411-8},
 location = {San Diego, California, USA},
 pages = {149--160},
 numpages = {12},
 url = {http://doi.acm.org/10.1145/383059.383071},
 doi = {10.1145/383059.383071},
 acmid = {383071},
 publisher = {ACM},
 address = {New York, NY, USA},
}

@article{dynamo,
 author = {DeCandia, Giuseppe and Hastorun, Deniz and Jampani, Madan and Kakulapati, Gunavardhan and Lakshman, Avinash and Pilchin, Alex and Sivasubramanian, Swaminathan and Vosshall, Peter and Vogels, Werner},
 title = {Dynamo: amazon's highly available key-value store},
 journal = {SIGOPS Oper. Syst. Rev.},
 issue_date = {December 2007},
 volume = {41},
 number = {6},
 month = oct,
 year = {2007},
 issn = {0163-5980},
 pages = {205--220},
 numpages = {16},
 url = {http://doi.acm.org/10.1145/1323293.1294281},
 doi = {10.1145/1323293.1294281},
 acmid = {1294281},
 publisher = {ACM},
 address = {New York, NY, USA},
 keywords = {performance, reliability, scalability},
}

@article{cassandra,
 author = {Lakshman, Avinash and Malik, Prashant},
 title = {Cassandra: a decentralized structured storage system},
 journal = {SIGOPS Oper. Syst. Rev.},
 issue_date = {April 2010},
 volume = {44},
 number = {2},
 month = apr,
 year = {2010},
 issn = {0163-5980},
 pages = {35--40},
 numpages = {6},
 url = {http://doi.acm.org/10.1145/1773912.1773922},
 doi = {10.1145/1773912.1773922},
 acmid = {1773922},
 publisher = {ACM},
 address = {New York, NY, USA},
} 

@article{thrift,
author = {Agarwal, Aditya and Slee, Mark and Kwiatkowski, Marc},
  biburl = {http://www.bibsonomy.org/bibtex/22593c1a9666cfc633d674051d887c8e3/voj},
  institution = {Facebook},
  interhash = {105e59dd8576a9d92bb7db1ecc7e4980},
  intrahash = {2593c1a9666cfc633d674051d887c8e3},
  keywords = {Thrift datamodeling language specification},
  month = {4},
  timestamp = {2009-11-02T17:24:36.000+0100},
  title = {Thrift: Scalable Cross-Language Services Implementation},
  url = {http://thrift.apache.org/static/files/thrift-20070401.pdf},
  year = 2007
}

@inproceedings{comparison,
 author = {Leslie, Matthew and Davies, Jim and Huffman, Todd},
 title = {Replication Strategies for Reliable Decentralised Storage},
 booktitle = {Proceedings of the First International Conference on Availability, Reliability and Security},
 series = {ARES '06},
 year = {2006},
 isbn = {0-7695-2567-9},
 pages = {740--747},
 numpages = {8},
 url = {http://dx.doi.org/10.1109/ARES.2006.108},
 doi = {10.1109/ARES.2006.108},
 acmid = {1130997},
 publisher = {IEEE Computer Society},
 address = {Washington, DC, USA},
}

@inproceedings{consistent-hashing,
 author = {Karger, David and Lehman, Eric and Leighton, Tom and Panigrahy, Rina and Levine, Matthew and Lewin, Daniel},
 title = {Consistent hashing and random trees: distributed caching protocols for relieving hot spots on the World Wide Web},
 booktitle = {Proceedings of the twenty-ninth annual ACM symposium on Theory of computing},
 series = {STOC '97},
 year = {1997},
 isbn = {0-89791-888-6},
 location = {El Paso, Texas, USA},
 pages = {654--663},
 numpages = {10},
 url = {http://doi.acm.org/10.1145/258533.258660},
 doi = {10.1145/258533.258660},
 acmid = {258660},
 publisher = {ACM},
 address = {New York, NY, USA},
}